@article{Barkjohn2022,
  title={Correction and Accuracy of PurpleAir PM2.5 Measurements for Extreme Wildfire Smoke},
  author={Barkjohn, KK and others},
  journal={Sensors},
  volume={22},
  number={24},
  pages={9669},
  year={2022},
  publisher={MDPI}
}

@misc{PurpleAirUseCases,
  title={{PurpleAir} Data Use Cases},
  howpublished={\url{https://www2.purpleair.com/pages/purpleair-data-use-cases}},
  note={Accessed: 2025-02-09}
}

@article{BoydADMM,
  author={Boyd, Stephen and Parikh, Neal and Chu, Eric and Peleato, Borja and Eckstein, Jonathan},
  title={Distributed optimization and statistical learning via the alternating direction method of multipliers},
  journal={Foundations and Trends in Machine Learning},
  volume={3},
  number={1},
  pages={1--122},
  year={2011},
  publisher={Now Publishers, Inc.}
}

@article{RudinOsherFatemi,
  title={Nonlinear total variation based noise removal algorithms},
  author={Rudin, Leonid I and Osher, Stanley and Fatemi, Emad},
  journal={Physica D: Nonlinear Phenomena},
  volume={60},
  number={1-4},
  pages={259--268},
  year={1992},
  publisher={Elsevier}
}

@book{ChilesDelfiner,
  title={Geostatistics: Modeling Spatial Uncertainty},
  author={Chiles, Jean-Paul and Delfiner, Pierre},
  volume={497},
  year={2012},
  publisher={John Wiley \& Sons}
}

@inproceedings{ShumanGSP,
  title={Emerging perspectives in sparse signal processing on graphs},
  author={Shuman, David I and Narang, Sundeep and Frossard, Pascal and Ortega, Antonio and Vandergheynst, Pierre},
  booktitle={Proceedings of the IEEE},
  volume={106},
  number={5},
  pages={780--802},
  year={2013}
}

@misc{Barkjohn2022DataRef,
  title={{Dataset\_PurpleAirSmoke\_Barkjohn\_3\_15\_23}},
  note={Example dataset reference for PurpleAir wildfire smoke measurements},
  howpublished={Personal Communication / Shared CSV files}
}

@misc{rapidfireGithub,
  author       = {Raffuse, Sean and O'Neill, Susan},
  title        = {{\texttt{rapidfire}: Smoke exposure modeling R package}},
  howpublished = {\url{https://github.com/raffscallion/rapidfire}},
  note         = {Accessed: 2025-02-09},
  year         = {2023}
}

@misc{rapidfireZenodo2023v013,
  author       = {Raffuse, Sean},
  title        = {{raffscallion/rapidfire: v0.1.3 (v0.1.3)}},
  howpublished = {\url{https://doi.org/10.5281/zenodo.7888562}},
  year         = {2023},
  note         = {Zenodo software release}
}

@misc{rapidfireSupportCode,
  author       = {Raffuse, Sean and O'Neill, Susan},
  title        = {{rapidfire support code and data}},
  howpublished = {\url{https://doi.org/10.5281/zenodo.7942846}},
  year         = {2023},
  note         = {Zenodo dataset}
}

@misc{EPAwebinar2021,
  author       = {{U.S. Environmental Protection Agency}},
  title        = {{Tools \& Resources Webinar: PurpleAir Sensors \& Smoke}},
  howpublished = {\url{https://www.epa.gov/sites/default/files/2021-05/documents/toolsresourceswebinar_purpleairsmoke_210519b.pdf}},
  note         = {Accessed: 2025-02-09},
  year         = {2021}
}

@article{Barkjohn2022Sensors,
  title     = {Correction and Accuracy of {PurpleAir} {PM}\textsubscript{2.5} Measurements for Extreme Wildfire Smoke},
  author    = {Barkjohn, Karoline K. and Holder, Amara L. and Frederick, Samuel G. and Clements, Andrea L.},
  journal   = {Sensors (Basel)},
  volume    = {22},
  number    = {24},
  pages     = {9669},
  year      = {2022},
  doi       = {10.3390/s22249669},
  pmid      = {36560038},
  pmcid     = {PMC9784900},
  note      = {Erratum in: Sensors (Basel). 2024 Dec 10;24(24):7871}
}
